@inproceedings{gerove07a,
  title = {The Corridor Map Method: Real-Time High-Quality Path Planning},
  author = {R. Geraerts and M. Overmars},
  crossref = {icra07},
  doi = {10.1109/ROBOT.2007.363119},
  pages = {1023-1028}
}

@inproceedings{geraerts10a,
  author = {R. Geraerts},
  title = {Planning short paths with clearance using explicit corridors},
  crossref = {icra10},
  doi = {10.1109/ROBOT.2010.5509263},
  pages = {1997-2004},
}

@proceedings{icra07,
  title = {Proceedings of the IEEE International Conference on Robotics and Automation (ICRA'07)},
  booktitle = {Proceedings of the IEEE International Conference on Robotics and Automation (ICRA'07)},
  publisher = {IEEE},
  year = {2007}
}

@proceedings{icra10,
  title = {Proceedings of the IEEE International Conference on Robotics and Automation (ICRA'10)},
  booktitle = {Proceedings of the IEEE International Conference on Robotics and Automation (ICRA'10)},
  publisher = {IEEE},
  year = {2010}
}

@inproceedings{CBS+SAT,
  author    = {Pavel Surynek},
  title     = {Lazy Compilation of Variants of Multi-robot Path Planning with Satisfiability
               Modulo Theory {(SMT)} Approach},
  booktitle = {2019 {IEEE/RSJ} International Conference on Intelligent Robots and
               Systems, {IROS} 2019, Macau, SAR, China, November 3-8, 2019},
  pages     = {3282--3287},
  publisher = {{IEEE}},
  year      = {2019},
  url       = {https://doi.org/10.1109/IROS40897.2019.8967962},
  doi       = {10.1109/IROS40897.2019.8967962},
  timestamp = {Fri, 31 Jan 2020 13:28:16 +0100},
  biburl    = {https://dblp.org/rec/conf/iros/Surynek19.bib},
  bibsource = {dblp computer science bibliography, https://dblp.org}
}


@inproceedings{stern2019mapfVarians,
  author    = {Roni Stern and
               Nathan R. Sturtevant and
               Ariel Felner and
               Sven Koenig and
               Hang Ma and
               Thayne T. Walker and
               Jiaoyang Li and
               Dor Atzmon and
               Liron Cohen and
               T. K. Satish Kumar and
               Roman Bart{\'{a}}k and
               Eli Boyarski},
  editor    = {Pavel Surynek and
               William Yeoh},
  title     = {Multi-Agent Pathfinding: Definitions, Variants, and Benchmarks},
  booktitle = {Proceedings of the Twelfth International Symposium on Combinatorial
               Search, {SOCS} 2019, Napa, California, 16-17 July 2019},
  pages     = {151--159},
  publisher = {{AAAI} Press},
  year      = {2019},
  url       = {https://aaai.org/ocs/index.php/SOCS/SOCS19/paper/view/18341},
  timestamp = {Fri, 10 Jan 2020 07:59:55 +0100},
  biburl    = {https://dblp.org/rec/conf/socs/SternSFK0WLA0KB19.bib},
  bibsource = {dblp computer science bibliography, https://dblp.org}
}


@inproceedings{pebble_motion,
  author    = {Daniel Kornhauser and
               Gary L. Miller and
               Paul G. Spirakis},
  title     = {Coordinating Pebble Motion on Graphs, the Diameter of Permutation
               Groups, and Applications},
  booktitle = {25th Annual Symposium on Foundations of Computer Science, West Palm
               Beach, Florida, USA, 24-26 October 1984},
  pages     = {241--250},
  year      = {1984},
  url       = {https://doi.org/10.1109/SFCS.1984.715921},
  doi       = {10.1109/SFCS.1984.715921},
  timestamp = {Wed, 16 Oct 2019 14:14:54 +0200},
  biburl    = {https://dblp.org/rec/conf/focs/KornhauserMS84.bib},
  bibsource = {dblp computer science bibliography, https://dblp.org}
}


@inproceedings{ICTS_soc,
  author    = {Guni Sharon and
               Roni Stern and
               Meir Goldenberg and
               Ariel Felner},
  title     = {The Increasing Cost Tree Search for Optimal Multi-Agent Pathfinding},
  booktitle = {{IJCAI} 2011, Proceedings of the 22nd International Joint Conference
               on Artificial Intelligence, Barcelona, Catalonia, Spain, July 16-22,
               2011},
  pages     = {662--667},
  year      = {2011},
  url       = {https://doi.org/10.5591/978-1-57735-516-8/IJCAI11-117},
  doi       = {10.5591/978-1-57735-516-8/IJCAI11-117},
  timestamp = {Tue, 23 May 2017 01:11:29 +0200},
  biburl    = {http://dblp.org/rec/bib/conf/ijcai/SharonSGF11},
  bibsource = {dblp computer science bibliography, http://dblp.org}
}


@article{NP-hard1,
  author    = {Daniel Ratner and
               Manfred K. Warmuth},
  title     = {NxN Puzzle and Related Relocation Problem},
  journal   = {J. Symb. Comput.},
  volume    = {10},
  number    = {2},
  pages     = {111--138},
  year      = {1990},
  url       = {https://doi.org/10.1016/S0747-7171(08)80001-6},
  doi       = {10.1016/S0747-7171(08)80001-6},
  timestamp = {Wed, 14 Nov 2018 10:27:09 +0100},
  biburl    = {https://dblp.org/rec/bib/journals/jsc/RatnerW90},
  bibsource = {dblp computer science bibliography, https://dblp.org}
}


@inproceedings{NP-hard2,
  author    = {Jingjin Yu and
               Steven M. LaValle},
  title     = {Structure and Intractability of Optimal Multi-Robot Path Planning
               on Graphs},
  booktitle = {Proceedings of the Twenty-Seventh {AAAI} Conference on Artificial
               Intelligence, July 14-18, 2013, Bellevue, Washington, {USA.}},
  year      = {2013},
  url       = {http://www.aaai.org/ocs/index.php/AAAI/AAAI13/paper/view/6111},
  timestamp = {Tue, 17 Dec 2013 19:26:12 +0100},
  biburl    = {https://dblp.org/rec/bib/conf/aaai/YuL13},
  bibsource = {dblp computer science bibliography, https://dblp.org}
}


@inproceedings{CBS_implementation,
  author    = {Dor Atzmon and
               Roni Stern and
               Ariel Felner and
               Glenn Wagner and
               Roman Bart{\'{a}}k and
               Neng{-}Fa Zhou},
  editor    = {Vadim Bulitko and
               Sabine Storandt},
  title     = {Robust Multi-Agent Path Finding},
  booktitle = {Proceedings of the Eleventh International Symposium on Combinatorial
               Search, {SOCS} 2018, Stockholm, Sweden - 14-15 July 2018},
  pages     = {2--9},
  publisher = {{AAAI} Press},
  year      = {2018},
  url       = {https://aaai.org/ocs/index.php/SOCS/SOCS18/paper/view/17954},
  timestamp = {Wed, 10 Feb 2021 08:42:40 +0100},
  biburl    = {https://dblp.org/rec/conf/socs/AtzmonSFWBZ18.bib},
  bibsource = {dblp computer science bibliography, https://dblp.org}
}


@book{picat,
  author    = {Neng{-}Fa Zhou and
               H{\aa}kan Kjellerstrand and
               Jonathan Fruhman},
  title     = {Constraint Solving and Planning with Picat},
  series    = {Springer Briefs in Intelligent Systems},
  publisher = {Springer},
  year      = {2015},
  url       = {https://doi.org/10.1007/978-3-319-25883-6},
  doi       = {10.1007/978-3-319-25883-6},
  isbn      = {978-3-319-25881-2},
  timestamp = {Tue, 16 May 2017 14:24:20 +0200},
  biburl    = {https://dblp.org/rec/bib/series/sbis/ZhouKF15},
  bibsource = {dblp computer science bibliography, https://dblp.org}
}


@string{tplp = {Theory and Practice of Logic Programming}}

@article{geobotscsangso18a,
  title = {Experimenting with robotic intra-logistics domains},
  author = {M. Gebser and P. Obermeier and T. Otto and T. Schaub and O. Sabuncu and V. Nguyen and T. Son},
  doi = {10.1017/S1471068418000200},
  journal = tplp,
  number = {3-4},
  pages = {502-519},
  volume = {18},
  year = {2018}
}

@misc{aspriloencs,
  title = {Collection of ASP encodings for asprilo},
  author = {M. Gebser and P.Obermeier and T. Schaub and P. Wanko},
  publisher = {GitHub},
  url = {https://github.com/potassco/asprilo-encodings},
  commit = {171e3c3},
  year = {2020},
}

@book{baral02a,
  title = {Knowledge Representation, Reasoning and Declarative Problem Solving},
  author = {C. Baral},
  publisher = {Cambridge University Press},
  year = {2003}
}

@book{gekakasc12a,
  title = {Answer Set Solving in Practice},
  author = {M. Gebser and R. Kaminski and B. Kaufmann and T. Schaub},
  publisher = {Morgan and Claypool Publishers},
  series = {Synthesis Lectures on Artificial Intelligence and Machine Learning},
  year = {2012}
}

@book{gelkah14a,
  title = {Knowledge Representation, Reasoning, and the Design of Intelligent Agents: The Answer-Set Programming Approach},
  author = {M. Gelfond and Y. Kahl},
  publisher = {Cambridge University Press},
  year = {2014}
}

@book{lifschitz19a,
  author    = {Vladimir Lifschitz},
  title     = {Answer Set Programming},
  publisher = {Springer},
  year      = {2019},
  url       = {https://doi.org/10.1007/978-3-030-24658-7},
  doi       = {10.1007/978-3-030-24658-7},
  isbn      = {978-3-030-24657-0},
  timestamp = {Fri, 06 Sep 2019 10:57:06 +0200},
  biburl    = {https://dblp.org/rec/books/sp/Lifschitz19.bib},
  bibsource = {dblp computer science bibliography, https://dblp.org}
}

@manual{PotasscoUserGuide19,
  title = {Potassco User Guide},
  author = {M. Gebser and R. Kaminski and B. Kaufmann and M. Lindauer and M. Ostrowski and J. Romero and T. Schaub and S. Thiele},
  edition = {Version 2.2.0},
  publisher = {University of Potsdam},
  url = {http://potassco.org},
  year = {2019}
}

@article{karoscwa20a,
  title = {How to build your own ASP-based system?!},
  author = {R. Kaminski and J. Romero and T. Schaub and P. Wanko},
  journal = {CoRR},
  volume = {abs/2008.06692},
 url = {https://arxiv.org/abs/2008.06692},
  year = 2020
}


@article{DBLP:journals/access/GomezHB21,
  author    = {Rodrigo N. G{\'{o}}mez and
               Carlos Hern{\'{a}}ndez and
               Jorge A. Baier},
  title     = {A Compact Answer Set Programming Encoding of Multi-Agent Pathfinding},
  journal   = {{IEEE} Access},
  volume    = {9},
  pages     = {26886--26901},
  year      = {2021},
  url       = {https://doi.org/10.1109/ACCESS.2021.3053547},
  doi       = {10.1109/ACCESS.2021.3053547},
  timestamp = {Tue, 23 Mar 2021 14:12:09 +0100},
  biburl    = {https://dblp.org/rec/journals/access/GomezHB21.bib},
  bibsource = {dblp computer science bibliography, https://dblp.org}
}


@inproceedings{DBLP:conf/icaart/SvancaraB19,
  author    = {Jir{\'{\i}} Svancara and
               Roman Bart{\'{a}}k},
  editor    = {Ana Paula Rocha and
               Luc Steels and
               H. Jaap van den Herik},
  title     = {Combining Strengths of Optimal Multi-Agent Path Finding Algorithms},
  booktitle = {Proceedings of the 11th International Conference on Agents and Artificial
               Intelligence, {ICAART} 2019, Volume 1, Prague, Czech Republic, February
               19-21, 2019},
  pages     = {226--231},
  publisher = {SciTePress},
  year      = {2019},
  url       = {https://doi.org/10.5220/0007470002260231},
  doi       = {10.5220/0007470002260231},
  timestamp = {Fri, 04 Oct 2019 14:17:27 +0200},
  biburl    = {https://dblp.org/rec/conf/icaart/SvancaraB19.bib},
  bibsource = {dblp computer science bibliography, https://dblp.org}
}



@inproceedings{DBLP:conf/ictai/BartakZSBS17,
  author    = {Roman Bart{\'{a}}k and
               Neng{-}Fa Zhou and
               Roni Stern and
               Eli Boyarski and
               Pavel Surynek},
  title     = {Modeling and Solving the Multi-agent Pathfinding Problem in Picat},
  booktitle = {29th {IEEE} International Conference on Tools with Artificial Intelligence,
               {ICTAI} 2017, Boston, MA, USA, November 6-8, 2017},
  pages     = {959--966},
  publisher = {{IEEE} Computer Society},
  year      = {2017},
  url       = {https://doi.org/10.1109/ICTAI.2017.00147},
  doi       = {10.1109/ICTAI.2017.00147},
  timestamp = {Wed, 16 Oct 2019 14:14:56 +0200},
  biburl    = {https://dblp.org/rec/conf/ictai/BartakZSBS17.bib},
  bibsource = {dblp computer science bibliography, https://dblp.org}
}


@inproceedings{DBLP:conf/socs/BartakS19,
  author    = {Roman Bart{\'{a}}k and
               Jir{\'{\i}} Svancara},
  editor    = {Pavel Surynek and
               William Yeoh},
  title     = {On SAT-Based Approaches for Multi-Agent Path Finding with the Sum-of-Costs
               Objective},
  booktitle = {Proceedings of the Twelfth International Symposium on Combinatorial
               Search, {SOCS} 2019, Napa, California, 16-17 July 2019},
  pages     = {10--17},
  publisher = {{AAAI} Press},
  year      = {2019},
  url       = {https://aaai.org/ocs/index.php/SOCS/SOCS19/paper/view/18323},
  timestamp = {Wed, 10 Feb 2021 08:42:37 +0100},
  biburl    = {https://dblp.org/rec/conf/socs/BartakS19.bib},
  bibsource = {dblp computer science bibliography, https://dblp.org}
}


@inproceedings{CBS,
  author    = {Guni Sharon and
               Roni Stern and
               Ariel Felner and
               Nathan R. Sturtevant},
  title     = {Conflict-Based Search For Optimal Multi-Agent Path Finding},
  booktitle = {Proceedings of the Twenty-Sixth {AAAI} Conference on Artificial Intelligence,
               July 22-26, 2012, Toronto, Ontario, Canada.},
  year      = {2012},
  url       = {http://www.aaai.org/ocs/index.php/AAAI/AAAI12/paper/view/5062},
  timestamp = {Thu, 31 Jul 2014 11:17:14 +0200},
  biburl    = {https://dblp.org/rec/bib/conf/aaai/SharonSFS12},
  bibsource = {dblp computer science bibliography, https://dblp.org}
}


@inproceedings{ICBS,
  author    = {Eli Boyarski and
               Ariel Felner and
               Roni Stern and
               Guni Sharon and
               David Tolpin and
               Oded Betzalel and
               Solomon Eyal Shimony},
  title     = {{ICBS:} Improved Conflict-Based Search Algorithm for Multi-Agent Pathfinding},
  booktitle = {Proceedings of the Twenty-Fourth International Joint Conference on
               Artificial Intelligence, {IJCAI} 2015, Buenos Aires, Argentina, July
               25-31, 2015},
  pages     = {740--746},
  year      = {2015},
  url       = {http://ijcai.org/Abstract/15/110},
  timestamp = {Tue, 20 Aug 2019 16:18:44 +0200},
  biburl    = {https://dblp.org/rec/conf/ijcai/BoyarskiFSSTBS15.bib},
  bibsource = {dblp computer science bibliography, https://dblp.org}
}


@inproceedings{DBLP:conf/aiide/Silver05,
  author    = {David Silver},
  title     = {Cooperative Pathfinding},
  booktitle = {Artificial Intelligence and Interactive Digital
               Entertainment (AIIDE)},
  pages     = {117--122},
  year      = {2005}
}


@inproceedings{flatland,
  author    = {Jiaoyang Li and
               Zhe Chen and
               Yi Zheng and
               Shao{-}Hung Chan and
               Daniel Harabor and
               Peter J. Stuckey and
               Hang Ma and
               Sven Koenig},
  editor    = {Susanne Biundo and
               Minh Do and
               Robert Goldman and
               Michael Katz and
               Qiang Yang and
               Hankz Hankui Zhuo},
  title     = {Scalable Rail Planning and Replanning: Winning the 2020 Flatland Challenge},
  booktitle = {Proceedings of the Thirty-First International Conference on Automated
               Planning and Scheduling, {ICAPS} 2021, Guangzhou, China (virtual),
               August 2-13, 2021},
  pages     = {477--485},
  publisher = {{AAAI} Press},
  year      = {2021},
  url       = {https://ojs.aaai.org/index.php/ICAPS/article/view/15994},
  timestamp = {Thu, 05 Aug 2021 14:31:51 +0200},
  biburl    = {https://dblp.org/rec/conf/aips/0001CZCHS0K21.bib},
  bibsource = {dblp computer science bibliography, https://dblp.org}
}


@inproceedings{sven_lifelong,
  author    = {Jiaoyang Li and
               Andrew Tinka and
               Scott Kiesel and
               Joseph W. Durham and
               T. K. Satish Kumar and
               Sven Koenig},
  editor    = {Amal El Fallah Seghrouchni and
               Gita Sukthankar and
               Bo An and
               Neil Yorke{-}Smith},
  title     = {Lifelong Multi-Agent Path Finding in Large-Scale Warehouses},
  booktitle = {Proceedings of the 19th International Conference on Autonomous Agents
               and Multiagent Systems, {AAMAS} '20, Auckland, New Zealand, May 9-13,
               2020},
  pages     = {1898--1900},
  publisher = {International Foundation for Autonomous Agents and Multiagent Systems},
  year      = {2020},
  url       = {https://dl.acm.org/doi/abs/10.5555/3398761.3399020},
  timestamp = {Sun, 07 Jun 2020 11:52:09 +0200},
  biburl    = {https://dblp.org/rec/conf/atal/LiTKDKK20.bib},
  bibsource = {dblp computer science bibliography, https://dblp.org}
}

@inproceedings{DBLP:conf/ijcai/Surynek19,
  author    = {Pavel Surynek},
  editor    = {Sarit Kraus},
  title     = {Unifying Search-based and Compilation-based Approaches to Multi-agent
               Path Finding through Satisfiability Modulo Theories},
  booktitle = {Proceedings of the Twenty-Eighth International Joint Conference on
               Artificial Intelligence, {IJCAI} 2019, Macao, China, August 10-16,
               2019},
  pages     = {1177--1183},
  publisher = {ijcai.org},
  year      = {2019},
  url       = {https://doi.org/10.24963/ijcai.2019/164},
  doi       = {10.24963/ijcai.2019/164},
  timestamp = {Fri, 27 Mar 2020 09:00:52 +0100},
  biburl    = {https://dblp.org/rec/conf/ijcai/Surynek19.bib},
  bibsource = {dblp computer science bibliography, https://dblp.org}
}

@proceedings{ijcai17,
  title = {Proceedings of the Twenty-sixth International Joint Conference on Artificial Intelligence (IJCAI'17)},
  editor = {C. Sierra},
  booktitle = {Proceedings of the Twenty-sixth International Joint Conference on Artificial Intelligence (IJCAI'17)},
  publisher = {IJCAI/AAAI Press},
  year = {2017}
}


@inproceedings{ngobsoscye17a,
  author    = {Van Nguyen and
               Philipp Obermeier and
               Tran Cao Son and
               Torsten Schaub and
               William Yeoh},
  editor    = {Carles Sierra},
  title     = {Generalized Target Assignment and Path Finding Using Answer Set Programming},
  booktitle = {Proceedings of the Twenty-Sixth International Joint Conference on
               Artificial Intelligence, {IJCAI} 2017, Melbourne, Australia, August
               19-25, 2017},
  pages     = {1216--1223},
  publisher = {ijcai.org},
  year      = {2017},
  url       = {https://doi.org/10.24963/ijcai.2017/169},
  doi       = {10.24963/ijcai.2017/169},
  timestamp = {Fri, 09 Apr 2021 18:53:49 +0200},
  biburl    = {https://dblp.org/rec/conf/ijcai/NguyenOSS017.bib},
  bibsource = {dblp computer science bibliography, https://dblp.org}
}

@proceedings{aaai13,
  title = {Proceedings of the Twenty-Seventh National Conference on Artificial Intelligence (AAAI'13)},
  editor = {M. {desJardins} and M. Littman},
  booktitle = {Proceedings of the Twenty-Seventh National Conference on Artificial Intelligence (AAAI'13)},
  publisher = {AAAI Press},
  year = {2013}
}

@inproceedings{erkiozsc13a,
  author    = {Esra Erdem and
               Doga Gizem Kisa and
               Umut {\"{O}}ztok and
               Peter Sch{\"{u}}ller},
  editor    = {Marie desJardins and
               Michael L. Littman},
  title     = {A General Formal Framework for Pathfinding Problems with Multiple
               Agents},
  booktitle = {Proceedings of the Twenty-Seventh {AAAI} Conference on Artificial
               Intelligence, July 14-18, 2013, Bellevue, Washington, {USA}},
  publisher = {{AAAI} Press},
  year      = {2013},
  url       = {http://www.aaai.org/ocs/index.php/AAAI/AAAI13/paper/view/6293},
  timestamp = {Wed, 10 Feb 2021 08:44:22 +0100},
  biburl    = {https://dblp.org/rec/conf/aaai/ErdemKOS13.bib},
  bibsource = {dblp computer science bibliography, https://dblp.org}
}

@proceedings{lpnmr19,
  title = {Proceedings of the Fifteenth International Conference on Logic Programming and Nonmonotonic Reasoning (LPNMR'19)},
  editor = {M. Balduccini and Y. Lierler and S. Woltran},
  booktitle = {Proceedings of the Fifteenth International Conference on Logic Programming and Nonmonotonic Reasoning (LPNMR'19)},
  publisher = springer,
  series = lnai,
  volume = {11481},
  year = {2019}
}

@inproceedings{abjoossctowa19a,
  author    = {Dirk Abels and
               Julian Jordi and
               Max Ostrowski and
               Torsten Schaub and
               Ambra Toletti and
               Philipp Wanko},
  editor    = {Marcello Balduccini and
               Yuliya Lierler and
               Stefan Woltran},
  title     = {Train Scheduling with Hybrid {ASP}},
  booktitle = {Logic Programming and Nonmonotonic Reasoning - 15th International
               Conference, {LPNMR} 2019, Philadelphia, PA, USA, June 3-7, 2019, Proceedings},
  series    = {Lecture Notes in Computer Science},
  volume    = {11481},
  pages     = {3--17},
  publisher = {Springer},
  year      = {2019},
  url       = {https://doi.org/10.1007/978-3-030-20528-7\_1},
  doi       = {10.1007/978-3-030-20528-7\_1},
  timestamp = {Fri, 31 May 2019 09:51:40 +0200},
  biburl    = {https://dblp.org/rec/conf/lpnmr/AbelsJOSTW19.bib},
  bibsource = {dblp computer science bibliography, https://dblp.org}
}

@string{tplp = {Theory and Practice of Logic Programming}}

@article{geobscra18a,
  title = {Routing Driverless Transport Vehicles in Car Assembly with Answer Set Programming},
  author = {M. Gebser and P. Obermeier and T. Schaub and M. Ratsch{-}Heitmann and M. Runge},
  journal = tplp,
  number = {3-4},
  pages = {520-534},
  volume = {18},
  year = {2018}
}

@article{gekakasc17a,
  title = {Multi-shot {ASP} solving with clingo},
  author = {M. Gebser and R. Kaminski and B. Kaufmann and T. Schaub},
  doi = {10.1017/S1471068418000054},
  journal = tplp,
  number = {1},
  pages = {27-82},
  volume = {19},
  year = {2019}
}


@proceedings{SAT_book,
  editor    = {Armin Biere and
               Marijn Heule and
               Hans van Maaren and
               Toby Walsh},
  title     = {Handbook of Satisfiability},
  series    = {Frontiers in Artificial Intelligence and Applications},
  volume    = {185},
  publisher = {{IOS} Press},
  year      = {2009},
  isbn      = {978-1-58603-929-5},
  timestamp = {Wed, 16 Sep 2009 11:21:15 +0200},
  biburl    = {https://dblp.org/rec/series/faia/2009-185.bib},
  bibsource = {dblp computer science bibliography, https://dblp.org}
}


@article{diverse,
  author    = {Tesshu Hanaka and
               Yasuaki Kobayashi and
               Kazuhiro Kurita and
               See Woo Lee and
               Yota Otachi},
  title     = {Computing Diverse Shortest Paths Efficiently: {A} Theoretical and
               Experimental Study},
  journal   = {CoRR},
  volume    = {abs/2112.05403},
  year      = {2021},
  url       = {https://arxiv.org/abs/2112.05403},
  eprinttype = {arXiv},
  eprint    = {2112.05403},
  timestamp = {Tue, 14 Dec 2021 14:21:31 +0100},
  biburl    = {https://dblp.org/rec/journals/corr/abs-2112-05403.bib},
  bibsource = {dblp computer science bibliography, https://dblp.org}
}


@inproceedings{distant,
  author    = {Christian H{\"{a}}cker and
               Panagiotis Bouros and
               Theodoros Chondrogiannis and
               Ernst Althaus},
  editor    = {Xiaofeng Meng and
               Fusheng Wang and
               Chang{-}Tien Lu and
               Yan Huang and
               Shashi Shekhar and
               Xing Xie},
  title     = {Most Diverse Near-Shortest Paths},
  booktitle = {{SIGSPATIAL} '21: 29th International Conference on Advances in Geographic
               Information Systems, Virtual Event / Beijing, China, November 2-5,
               2021},
  pages     = {229--239},
  publisher = {{ACM}},
  year      = {2021},
  url       = {https://doi.org/10.1145/3474717.3483955},
  doi       = {10.1145/3474717.3483955},
  timestamp = {Mon, 08 Nov 2021 10:12:12 +0100},
  biburl    = {https://dblp.org/rec/conf/gis/HackerBCA21.bib},
  bibsource = {dblp computer science bibliography, https://dblp.org}
}


@inproceedings{AAMAS_corridors,
  author    = {Matej Hus{\'{a}}r and
               Jir{\'{\i}} Svancara and
               Philipp Obermeier and
               Roman Bart{\'{a}}k and
               Torsten Schaub},
  editor    = {Piotr Faliszewski and
               Viviana Mascardi and
               Catherine Pelachaud and
               Matthew E. Taylor},
  title     = {Reduction-based Solving of Multi-agent Pathfinding on Large Maps Using
               Graph Pruning},
  booktitle = {21st International Conference on Autonomous Agents and Multiagent
               Systems, {AAMAS} 2022, Auckland, New Zealand, May 9-13, 2022},
  pages     = {624--632},
  publisher = {International Foundation for Autonomous Agents and Multiagent Systems
               {(IFAAMAS)}},
  year      = {2022},
  url       = {https://www.ifaamas.org/Proceedings/aamas2022/pdfs/p624.pdf},
  doi       = {10.5555/3535850.3535921},
  timestamp = {Mon, 18 Jul 2022 17:13:00 +0200},
  biburl    = {https://dblp.org/rec/conf/atal/HusarSOBS22.bib},
  bibsource = {dblp computer science bibliography, https://dblp.org}
}